4252 5676
397 1051 443 1130 L.
490 1048 534 1131 B.
581 1049 619 1130 S.

134 1317 176 1404 Ῑη
201 1347 356 1426 praesenti
380 1367 488 1428 opere,
511 1348 585 1407 Deo
608 1348 754 1424 favente,
785 1363 896 1406 uume-

134 1451 202 1488 rum
232 1428 316 1489 haud
345 1432 574 1513 spernendum,
614 1429 790 1511 plantarum
820 1449 898 1490 con-

134 1529 367 1589 troversatum,
402 1516 472 1586 rel,
508 1516 534 1573 si
558 1516 675 1586 mavis,
710 1513 896 1573 minustire

135 1601 353 1680 cognitarum,
386 1599 601 1678 rariorumque
630 1596 772 1657 habebis.
823 1595 897 1656 Nisi

134 1703 257 1762 semper
279 1682 348 1741 steri
372 1695 492 1762 potest,
522 1698 555 1739 ut
576 1695 736 1740 auctorum
751 1678 897 1761 specimi-

135 1787 177 1824 ua
206 1768 349 1846 pingam,
386 1785 479 1846 saepe
509 1778 611 1824 tamen
643 1763 676 1823 id
707 1763 774 1822 fieri
803 1781 897 1842 posse

134 1849 253 1919 laetor,
281 1864 312 1906 et
335 1863 484 1928 quantum
509 1850 541 1905 in
561 1867 611 1905 nie
626 1863 690 1924 est,
719 1847 753 1904 in
769 1842 802 1903 id
818 1863 897 1904 sem·

135 1954 193 2013 per
209 1932 387 2002 intendam,
418 1945 453 1990 ut
475 1949 561 1990 veras
585 1945 668 1990 certe
690 1927 808 1988 tradam
827 1947 897 2009 spe·

135 2021 201 2076 cies
226 2030 394 2075 auctorum.
438 2014 502 2073 Ubi
525 2033 601 2074 vero
617 2027 650 2073 et
664 2012 724 2072 hoc
740 2011 895 2070 interdurn

134 2122 200 2159 non
223 2098 326 2160 locum
350 2096 465 2156 habere
487 2100 640 2178 reperias,
677 2116 773 2179 quum
800 2092 896 2154 homo

136 2189 216 2254 sim,
254 2202 313 2241 uec
343 2178 465 2261 aliquid
496 2181 609 2240 erroris
637 2178 768 2237 humaui
800 2198 816 2236 a
846 2195 896 2236 ma

134 2268 275 2327 alienum
311 2278 435 2345 putem,
489 2262 587 2344 figura
625 2276 730 2322 tamen
765 2272 896 2342 prostat,

135 2353 232 2436 digna
255 2351 349 2421 sorte,
377 2365 458 2429 quae
482 2349 606 2419 citetur,
636 2366 694 2405 nec
718 2363 783 2404 non
806 2363 897 2424 opus,

134 2440 169 2494 in
195 2452 291 2515 parvo
312 2432 480 2491 continens
503 2432 642 2511 copiam,
672 2425 825 2488 facillimo
841 2447 897 2488 ne·

136 2522 225 2602 gotio
248 2512 489 2597 acquirendum
527 2513 578 2572 vel
607 2512 752 2573 collectio
775 2509 897 2591 planta·

134 2625 204 2662 rum
227 2599 265 2658 ad
288 2612 429 2657 naturam
453 2594 697 2667 delineatarum,
731 2614 810 2674 quae
832 2592 896 2650 nisi

136 2681 321 2767 splendide,
352 2695 457 2740 tamen
479 2678 636 2756 modeste,
664 2678 760 2736 tironi
778 2675 896 2756 pretio·

132 2771 327 2832 sissimoruru
341 2783 470 2844 operum
488 2762 656 2832 defectum,
680 2759 784 2841 aliquo
801 2756 895 2819 modo

135 2861 335 2932 compenset,
365 2859 397 2906 et
418 2847 479 2905 uisi
501 2844 625 2915 multis,
649 2857 751 2901 tamen
768 2840 896 2924 quibus·

135 2938 207 2996 clam
231 2945 333 3002 certe,
361 2931 454 2991 novis
485 2928 621 3008 peccatis
650 2923 896 3005 committendis,

136 3021 263 3080 obviam
289 3014 407 3074 veniat.
452 3011 543 3093 Quae
564 3018 632 3092 ipse
653 3013 737 3070 forte
766 3008 897 3066 comise-

136 3107 215 3177 rim,
240 3100 338 3158 amice
361 3095 516 3176 corrigas,
542 3114 641 3175 eaque
662 3095 695 3152 in
719 3110 813 3173 opere
825 3097 896 3170 ipro

138 3188 176 3246 ad
196 3186 290 3242 sutem
307 3179 423 3261 singuli
440 3177 622 3250 voluminis,
644 3176 696 3237 vel
711 3182 742 3236 in
759 3174 897 3236 auctiore

139 3266 382 3336 commentario,
410 3264 547 3344 ingenue
568 3261 702 3322 fatebor.
749 3257 897 3316 Verbosi-

139 3368 233 3413 tatem
258 3351 415 3416 criticam,
451 3344 489 3402 ab
511 3364 607 3424 opere
630 3356 738 3403 nostro
762 3341 896 3399 alienam

138 3439 240 3505 duco,
262 3453 321 3489 uec
337 3430 398 3488 uisi
412 3428 598 3509 paucissima
615 3444 792 3503 synonyma
803 3422 896 3502 addo,

139 3543 174 3579 ea
198 3518 342 3600 quidem,
374 3531 504 3595 quorum
528 3507 748 3568 certitudinem
778 3527 794 3565 e
826 3525 896 3586 spe·

140 3602 307 3663 cimiuibus
337 3595 375 3656 ab
404 3593 581 3653 auctoribus
609 3591 701 3650 lectis
729 3589 781 3648 vel
805 3589 898 3661 datis,

143 3686 194 3748 vel
212 3706 251 3743 ex
267 3681 349 3752 illis,
377 3678 414 3736 ab
430 3677 501 3737 aliis
518 3676 582 3736 fide
598 3674 793 3760 dignissimis
808 3674 896 3754 viris,

139 3774 175 3828 in
197 3770 267 3828 loco
291 3764 421 3823 classico
450 3763 601 3841 repertis,
645 3757 697 3819 vel
728 3777 768 3816 ex
797 3758 898 3818 iconi·

139 3856 198 3911 bus
221 3851 349 3910 minimo
372 3844 543 3929 ambiguis,
574 3856 721 3928 expertus
744 3861 822 3908 sum,

181 4056 286 4136 Quum
301 4051 384 4110 eninr
397 4047 574 4130 frequentia
591 4045 767 4127 plantarum
787 4062 899 4127 propo·

137 4137 321 4207 mendorum,
353 4132 493 4196 conditio
517 4132 575 4203 sit,
603 4134 673 4189 sine
695 4151 756 4211 qua
778 4127 897 4187 nullam

138 4224 201 4282 sibi
224 4219 366 4280 vindicet
383 4213 537 4297 ejusmodi
556 4234 646 4294 opus,
669 4215 813 4273 utilitatis
829 4230 898 4291 par·

136 4323 216 4385 tem,
247 4318 367 4363 tantum
385 4303 417 4360 in
434 4316 557 4382 quaque
571 4295 694 4374 tabula,
718 4297 799 4355 etin
819 4312 898 4376 quo·

138 4409 201 4473 que
223 4384 375 4447 fasciculo
398 4384 561 4453 invenies,
589 4393 739 4462 quantum
762 4380 898 4460 spatium

138 4475 296 4551 suscepit,
339 4483 370 4525 et
405 4487 501 4549 quum
533 4465 625 4526 etiam
655 4482 801 4522 numerus
829 4457 898 4531 ille,

139 4556 258 4616 celeres
282 4565 392 4633 urgeat
420 4549 522 4628 operis
551 4566 755 4629 progressus,
792 4544 898 4603 omnia

136 4653 230 4703 erunt
255 4635 491 4718 praetermissa,
519 4652 599 4713 quse
621 4634 746 4711 possint
766 4625 899 4710 impedi·

134 4737 245 4782 mento
269 4720 387 4779 venire.
437 4716 577 4777 Nonnisi
604 4718 796 4773 succinctum
826 4709 899 4769 ideo

136 4803 429 4870 commentariolum
451 4795 580 4880 addam,
613 4804 783 4860 auctiorem
805 4793 900 4855 tradi·

1246 1049 1292 1129 A.
1340 1048 1378 1130 d.
1425 1049 1475 1133 L.

981 1313 1023 1402 ln
1046 1344 1456 1428 gegenwdrtigemWerke,
1478 1348 1563 1408 huffe
1587 1348 1650 1423 ich,
1674 1355 1744 1412 eino

982 1426 1073 1485 nicht
1118 1426 1363 1487 uubedeutende
1398 1431 1541 1506 Anzahl,
1574 1434 1742 1516 streitiger,

983 1510 1079 1589 oder,
1119 1530 1217 1570 wenu
1240 1510 1422 1572 wirliaber
1451 1515 1590 1587 wollcn,
1635 1519 1745 1600 wenig

984 1612 1087 1676 genau
1111 1593 1284 1654 bekannter
1305 1593 1369 1653 und
1400 1596 1538 1658 seltener
1568 1600 1744 1661 Gewricbse

983 1674 1207 1737 darzustellen.
1247 1678 1340 1736 llann
1359 1679 1410 1737 ich
1429 1684 1509 1741 auch
1528 1681 1616 1741 nicht
1634 1685 1744 1743 immet

983 1758 1311 1899 Oripinalexemplare
1334 1762 1506 1835 zeicbnen,
1535 1786 1570 1824 so
1587 1768 1674 1824 irene
1689 1767 1744 1825 iclr

982 1844 1068 1902 mici
1106 1843 1205 1914 doch,
1250 1843 1321 1901 dass
1357 1845 1440 1904 diess
1478 1851 1526 1907 oft
1562 1848 1743 1928 gescheheu

982 1924 1083 1998 wird;
1112 1928 1177 1986 und
1200 1946 1234 1983 so
1257 1929 1336 1986 weit
1358 1929 1410 1987 ich
1434 1950 1466 1990 es
1484 1933 1525 1989 im
1542 1930 1659 1990 Stande
1675 1931 1741 2008 liin,

981 2009 1090 2068 werde
1119 2008 1172 2067 ich
1193 2008 1278 2067 mich
1302 2008 1475 2085 bemiihen,
1511 2014 1562 2074 die
1586 2016 1678 2074 richti
1702 2037 1743 2076 eu

981 2091 1130 2151 Pllanaen
1159 2092 1213 2151 der
1240 2097 1382 2153 Antoren
1414 2118 1453 2154 zu
1483 2097 1593 2177 geben.
1638 2039 1741 2158 Sodlte

983 2173 1067 2234 diess
1090 2176 1255 2257 irgendwo
1278 2177 1368 2238 nicht
1390 2178 1446 2236 der
1472 2179 1541 2238 Fall
1571 2200 1669 2259 seyn,
1702 2181 1744 2240 da

982 2258 1035 2317 ich
1058 2277 1095 2317 so
1116 2272 1173 2341 gut
1195 2257 1240 2316 als
1263 2277 1295 2317 es
1313 2259 1397 2337 jeder
1413 2261 1527 2322 andere
1542 2283 1621 2342 seyn
1639 2262 1745 2335 sollte,

982 2343 1039 2400 eui
1059 2343 1233 2401 Irrthiimer
1256 2347 1374 2421 gelasst
1389 2344 1456 2419 bin,
1478 2365 1514 2404 so
1536 2345 1645 2406 behele
1659 2346 1744 2406 doch

983 2424 1035 2484 die
1067 2426 1101 2486 Fi
1126 2447 1161 2483 ur
1197 2423 1287 2484 ihren
1317 2427 1452 2506 Werth‚
1491 2427 1557 2488 und
1597 2429 1743 2490 verdient

981 2446 1146 2568 vielleicht
1175 2508 1260 2566 citirt
1289 2530 1328 2568 zu
1360 2510 1509 2586 werden,
1553 2510 1608 2573 das
1637 2513 1742 2574 Wetk

982 2591 1070 2663 aber,
1102 2589 1285 2672 vorziiglich
1316 2592 1464 2667 deshalb,
1512 2595 1589 2656 weil
1619 2595 1742 2656 esriel

982 2676 1015 2732 iu
1040 2676 1141 2733 einem
1167 2675 1316 2756 geringen
1345 2679 1466 2736 llaume
1494 2677 1635 2751 enthiilt,
1673 2680 1739 2739 und

981 2758 1040 2815 mit
1069 2756 1122 2816 der
1157 2761 1299 2839 griissten
1333 2758 1610 2841 Bequemlichlroit
1644 2783 1741 2821 anzu-

982 2837 1123 2900 schalfen
1161 2841 1216 2908 ist;
1264 2840 1442 2923 iiberhaupt
1476 2845 1560 2903 wird
1603 2864 1635 2901 es
1668 2847 1740 2905 eine

982 2922 1064 2982 nach
1088 2925 1143 2982 der
1159 2923 1259 2982 Natur
1276 2925 1465 3007 gearbeitete
1481 2926 1741 2986 Pssaneensamm·

981 3005 1058 3088 long
1087 3006 1267 3078 darbieten,
1312 3007 1439 3069 welche
1467 3007 1538 3069 dem
1567 3011 1741 3092 Anfiuger,

983 3088 1046 3150 den
1067 3089 1199 3172 Mangel
1228 3090 1283 3148 der
1310 3091 1511 3153 lrostbarstcn
1538 3093 1663 3152 Werlre
1692 3096 1742 3153 ei.

983 3180 1229 3256 nigermaarsen,
1259 3194 1356 3234 wcnn
1380 3175 1459 3236 auch
1481 3175 1571 3235 nicht
1593 3179 1650 3235 auf
1668 3179 1740 3238 eina

981 3254 1199 3338 prachtrolle,
1232 3256 1315 3315 doch
1346 3260 1402 3318 auf
1427 3261 1498 3320 eine
1526 3259 1740 3322 bescheidena

983 3342 1114 3418 Weise,
1145 3353 1286 3398 ersetzen
1309 3340 1413 3412 kann,
1449 3341 1515 3400 und
1535 3363 1634 3405 wenu
1656 3343 1745 3403 nicht

982 3422 1085 3504 viele,
1122 3421 1204 3481 doch
1227 3425 1342 3503 gewiss
1373 3425 1477 3508 einigc
1506 3425 1651 3508 kiinftige
1679 3428 1742 3486 Irr-

981 3505 1108 3565 thiimer
1124 3504 1315 3567 verbindern
1335 3505 1449 3569 diirfre.
1492 3510 1634 3589 Eigeue,
1662 3509 1741 3570 viel·

982 3589 1078 3649 leicht
1100 3587 1169 3648 hier
1190 3591 1255 3649 und
1278 3591 1316 3648 da
1342 3590 1633 3672 eingescltlichene,
1660 3592 1740 3653 bitte

982 3672 1035 3732 ich
1057 3672 1236 3732 freundlich
1258 3695 1297 3732 zu
1319 3673 1521 3753 verhessern‚
1551 3697 1603 3736 um
1625 3674 1740 3737 diesel·

981 3756 1046 3816 ben
1067 3776 1115 3814 am
1136 3756 1286 3817 Schlusse
1307 3760 1395 3817 eines
1416 3759 1558 3840 Bandes,
1598 3759 1674 3821 oder
1704 3762 1739 3820 in

982 3842 1072 3901 einer
1093 3839 1347 3904 ausfiihrlichern
1371 3841 1599 3927 Erliiuterung,
1626 3844 1687 3903 frei
1701 3866 1742 3904 zu

982 3924 1164 3984 belrenuen.

1046 4039 1098 4096 De
1116 4037 1299 4121 vorziiglich
1315 4038 1367 4098 die
1383 4039 1503 4122 Menge
1521 4036 1742 4103 darzustellen·
1782 4106 1792 4123 Ι

984 4120 1038 4180 der
1067 4121 1231 4191 Pllauzen,
1279 4122 1331 4182 die
1369 4123 1659 4207 Hauptbedingung
1687 4129 1740 4200 ist,

983 4204 1066 4265 ohne
1087 4204 1212 4266 welche
1235 4205 1286 4264 ein
1309 4206 1412 4264 Werk
1435 4209 1537 4265 dieser
1564 4212 1622 4268 Art
1651 4210 1742 4270 nicht

984 4286 1127 4347 niitzlich
1148 4289 1276 4349 werden
1301 4289 1403 4360 ltanu,
1442 4310 1476 4352 so
1498 4292 1581 4352 wird
1599 4312 1669 4352 man
1686 4295 1743 4354 auf

983 4370 1070 4452 jeder
1092 4372 1202 4443 Tafel,
1236 4371 1301 4431 und
1324 4379 1355 4432 in
1379 4373 1480 4450 jedem
1503 4375 1602 4434 Hefte
1623 4395 1659 4436 so
1674 4376 1740 4438 viel

984 4454 1111 4533 finden,
1150 4455 1194 4515 als
1216 4456 1270 4514 der
1292 4459 1393 4514 ileum
1420 4459 1528 4522 fasste.
1588 4460 1637 4518 Da
1667 4461 1742 4522 aber

985 4537 1065 4598 auch
1095 4544 1166 4618 jene
1202 4540 1322 4620 Menge
1354 4537 1494 4600 schuelle
1532 4541 1742 4602 Fortschritte

983 4621 1158 4698 erheischt,
1183 4643 1219 4683 so
1240 4623 1324 4683 wird
1347 4620 1424 4683 alles
1447 4625 1645 4703 vermieden,
1671 4647 1743 4686 was

985 4704 1071 4766 diese
1093 4704 1257 4767 auihalten
1272 4706 1402 4769 lriinnte.
1446 4706 1558 4767 Daher
1579 4707 1662 4767 wird
1685 4731 1745 4769 nur

985 4789 1057 4850 eiue
1085 4787 1184 4848 lruree
1215 4787 1426 4874 Erliuterung
1455 4789 1637 4874 baigefiigt‚
1675 4794 1748 4854 eino
